@online{Git1,
    author = {Kräling, Ben},
    title = {{Code base: Selective Genetic Distance Computation for Visualizing Viral Outbreak Dynamics}},
    url = {https://github.com/benjoka/thesis_bk},
    note = {{Accessed: July 30, 2025}},
    year={2025}
}

@online{Who1,
    author = {{World Health Organization}},
    title = {{Disease outbreaks}},
    url = {https://www.emro.who.int/health-topics/disease-outbreaks/index.html},
    note = {{Accessed: May 02, 2025}},
    year = {2015}
}

@online{Gid1,
    author = {{Global Infectious Disease and Epidemiology Online Network}},
    url = {https://www.gideononline.com},
    note = {{Accessed: May 05, 2025}},
    year={2001}
}

@online{Dav1,
    title = {{How-to: NGS Quality Control}},
    author = {Davey, Ashleigh},
    url = {https://frontlinegenomics.com/how-to-ngs-quality-control},
    note = {{Accessed: May 08, 2025}},
    year = {2023}
}

@online{Goo1,
    author = {{Google}},
    title = {{Marker Clustering}},
    url = {https://developers.google.com/maps/documentation/javascript/marker-clustering},
    note = {{Accessed: Jul 24, 2025}},
    year = {2016}
}

@online{Iup1,
    title = {{IUPAC Codes}},
    author = {{International Union of Pure and Applied Chemistry}},
    url = {https://www.bioinformatics.org/sms/iupac.html},
    note = {{Accessed: May 08, 2025}},
    year={2022}
}

@online{Ecs1,
    title = {{Why do Illumina reads all have the same length when sequencing differently sized fragments?}},
    author = {{ECSEQ Bioinformatics}},
    url = {https://www.ecseq.com/support/ngs/why-do-the-reads-all-have-the-same-length-when-sequencing-differently-sized-fragments},
    note = {{Accessed: May 09, 2025}},
    year={2019}
}

@online{Gar1,
    title = {{Genomics explainer: types of genetic variants}},
    author = {{Garvan Insitute of Medical Research}},
    url = {https://www.garvan.org.au/news-resources/science-explained/types-of-variants},
    note = {Accessed: May 09, 2025},
    year={2024}
}

@online{Con1,
    title = {{SARS-CoV-2 mutations: why the virus might still have some tricks to pull}},
    author = {{The Conversation Media Group Ltd}},
    url = {https://theconversation.com/sars-cov-2-mutations-why-the-virus-might-still-have-some-tricks-to-pull-165766},
    note = {Accessed: May 09, 2025},
    year = {2021}
}

@online{Hub1,
    title = {{Visualizing Graphs}},
    author = {Huber, Florian},
    url = {https://florian-huber.github.io/data_science_course/notebooks/26_graph_visualization.html},
    note = {Accessed: May 15, 2025},
    year = {2024}
}

@online{Bas1,
    title = {{OpenOrd}},
    author = {Bastian, Mathieu},
    url = {https://github.com/gephi/gephi/wiki/OpenOrd},
    note = {Accessed: May 15, 2025},
    year = {2019}
}

@online{Gep1,
    title = {{Gephi - The Open Graph Viz Platform}},
    author = {{Gephi}},
    url = {https://gephi.org/},
    note = {Accessed: May 15, 2025},
    year = {2022}
}

@online{Nex1,
    title = {{Nextclade CLI}},
    author = {Bedford, Trevor and Neher, Richard},
    url = {https://docs.nextstrain.org/projects/nextclade/en/stable/user/nextclade-cli/index.html},
    note = {Accessed: May 16, 2025},
    year = {2024}
}

@online{Pan1,
    title = {{Pango Lineages: Latest epidemiological lineages of SARS-CoV-2}},
    url = {https://cov-lineages.org/index.html},
    note = {Accessed: July 20, 2025},
    year = {2020}
}

@online{Nex2,
    title = {{What is Nextstrain?}}, 
    author = {Bedford, Trevor and Neher, Richard},
    url = {https://docs.nextstrain.org/en/latest/learn/about.html},
    note = {Accessed: May 16, 2025},
    year = {2021}
}

@online{Nex3,
    title = {{Sequence alignment}},
    author = {Bedford, Trevor and Neher, Richard},
    url = {https://docs.nextstrain.org/projects/nextclade/en/stable/user/algorithm/01-sequence-alignment.html},
    note = {Accessed: May 16, 2025},
    year = {2021}
}

@online{Nex4,
    title = {{Tanslation}},
    author = {Bedford, Trevor and Neher, Richard},
    url = {https://docs.nextstrain.org/projects/nextclade/en/stable/user/algorithm/02-translation.html},
    note = {Accessed: May 17, 2025},
    year = {2021}
}

@online{Nex5,
    title = {{Mutation calling}},
    author = {Bedford, Trevor and Neher, Richard},
    url = {https://docs.nextstrain.org/projects/nextclade/en/stable/user/algorithm/05-mutation-calling.html},
    note = {Accessed: May 17, 2025},
    year = {2024}
}

@online{Nex6,
    title = {{Phylogenetic placement}},
    author = {Bedford, Trevor and Neher, Richard},
    url = {https://docs.nextstrain.org/projects/nextclade/en/stable/user/algorithm/03-phylogenetic-placement.html},
    note = {Accessed: May 17, 2025},
    year = {2024}
}

@online{Nex7,
    title = {{Clade assignment}},
    author = {Bedford, Trevor and Neher, Richard},
    url = {https://docs.nextstrain.org/projects/nextclade/en/stable/user/algorithm/04-clade-assignment.html},
    note = {Accessed: May 17, 2025},
    year = {2024}
}

@online{Nex8,
    title = {{Quality control (QC)}},
    author = {Bedford, Trevor and Neher, Richard},
    url = {https://docs.nextstrain.org/projects/nextclade/en/stable/user/algorithm/06-quality-control.html},
    note = {Accessed: May 17, 2025},
    year = {2024}
}

@online{Dem1,
    title = {{Bevölkerung nach Bundesländern}},
    author = {{Bundesinstitut für Bevölkerungsforschung}},
    url = {https://www.demografie-portal.de/DE/Fakten/bevoelkerung-laender.html},
    note = {Accessed: May 24, 2025},
    year = {2021}
}

@online{Rki1,
    title = {{SARS-CoV-2 Sequenzdaten aus Deutschland}},
    author = {{Robert Koch Institut}},
    url = {https://robert-koch-institut.github.io/SARS-CoV-2-Sequenzdaten_aus_Deutschland},
    note = {Accessed: May 24, 2025},
    year = {2022}
}

@online{Rki2,
    title = {{7-Tage-Inzidenz der Coronainfektionen (COVID-19) in Deutschland seit Juni 2020}},
    author = {{Robert Koch-Institut; Bundesministerium für Gesundheit}},
    url = {https://de.statista.com/statistik/daten/studie/1192085/umfrage/coronainfektionen-covid-19-in-den-letzten-sieben-tagen-in-deutschland},
    note = {Accessed: May 27, 2025},
    year = {2023}
}

@online{Wu1,
    title = {{Severe acute respiratory syndrome coronavirus 2 isolate Wuhan-Hu-1, complete genome}},
    author = {Wu, F. and Zhao, S. and Yu, B. and Chen, Y. M. and Wang, W. and Song, Z. G. and Hu, Y. and Tao, Z. W. and Tian, J. H. and Pei, Y. Y. and Yuan, M. L. and Zhang, Y. L. and Dai, F. H. and Liu, Y. and Wang, Q. M. and Zheng, J. J. and Xu,L. and Holmes, E. C. and Zhang, Y. Z.}, 
    url = {https://www.ncbi.nlm.nih.gov/nuccore/MN908947},
    note = {Accessed: May 25, 2025},
    year = {2020}
}

@online{Glo1,
    title = {{Germany / Location datasets}},
    author = {Palmetshofer, Walter},
    url = {https://2015.index.okfn.org/place/germany/postcodes/},
    note = {Accessed: May 25, 2025},
    year = {2020}
}

@online{Cdc1,
    title={{Principles of Epidemiology: Glossary}},
    author = {{National Center for State, Tribal, Local, and Territorial Public Health Infrastructure and Workforce,}},
    url ={https://archive.cdc.gov/www_cdc_gov/csels/dsepd/ss1978/glossary.html},
    note = {Accessed: June 10, 2025},
    year = {2024}
}

@online{Sci1,
    title={{scikit-learn: Machine Learning in Python}},
    author = {{scikit-learn developers}},
    url ={https://scikit-learn.org/stable/},
    note = {Accessed: June 24, 2025},
    year = {2011}
}

@online{Net1,
    title={{NetworkX - Network Analysis in Python}},
    author = {{NetworkX developers}},
    url ={https://networkx.org/},
    note = {Accessed: June 24, 2025},
    year = {2020}
}

@online{Bio1,
    title={{Biopython}},
    url ={https://biopython.org/},
    note = {Accessed: July 20, 2025},
    year = {1999}
}

@online{Bio2,
    title={{Bio.Align package}},
    url ={https://biopython.org/docs/1.76/api/Bio.Align.html},
    note = {Accessed: July 20, 2025},
    year = {2021}
}


@online{Hns1,
    title={{Hnswlib - fast approximate nearest neighbor search}},
    url ={https://github.com/nmslib/hnswlib},
    note = {Accessed: July 10, 2025},
    year = {2019}
}

@online{Nms1,
    title={{Non-Metric Space Library (NMSLIB)}},
    url ={https://github.com/nmslib/nmslib},
    note = {Accessed: July 10, 2025},
    year = {2018}
}

@online{Bon1,
    author={Ruth Bonita and Robert Beaglehole and Tord Kjellström},
    title = {Basic epidemiology},
    year = {2006},
    publisher = {World Health Organization},
    note = {Accessed: July 31, 2025},
    url={https://apps.who.int/iris/bitstream/handle/10665/43541/9241547073_eng.pdf}
}

@online{Who2,
    author = {{World Health Organization}},
    title = {WHO Guideline on Contact Tracing},
    year = {2024},
    url = {https://www.who.int/publications/i/item/9789240102965},
    note = {Accessed: July 31, 2025},
}

@online{Who3,
    title={{Tracking SARS-CoV-2 variants}},
    author = {{World Health Organization}},
    url ={https://www.who.int/activities/tracking-SARS-CoV-2-variants},
    year = {2025},
    note = {Accessed: May 25, 2025},
}

@online{Cho1,
    author={Cho, Hyunghoon and Ippolito, Daphne and Yu, Yun William},
    title = {{Contact Tracing Mobile Apps for COVID-19: Privacy Considerations and Related Trade-offs}},
    year = {2020},
    note = {Accessed: May 25, 2025},
    url={https://arxiv.org/abs/2003.11511}
}

@online{Idt1,
    author = {{Integrated DNA Technologies, Inc.}},
    title = {{Next generation sequencing guide}},
    year = {2023},
    note = {Accessed: May 25, 2025},
    url = {https://go.idtdna.com/Next-Generation-Sequencing-Guide.html}
}

@online{Ort1,
    author = {Ort, Jordan T. and Zolnoski, Sonja A. and Lam, Tommy T.-Y. and Neher, Richard and Moncla, Louise H.},
    title = {Development of avian influenza A(H5) virus datasets for Nextclade enables rapid and accurate clade assignment},
    year={2025},
    note = {Accessed: July 31, 2025},
    url={https://pubmed.ncbi.nlm.nih.gov/39829835/}
}

@online{Bmg1,
    author = {{Bundesministerium für Gesundheit}},
    title = {Verordnung zur molekulargenetischen Surveillance des Coronavirus SARS-CoV-2)},
    year = {2021},
    note={Accessed: July 31, 2025},
    url = {https://www.bundesgesundheitsministerium.de/fileadmin/Dateien/3_Downloads/C/Coronavirus/Verordnungen/CorSurV_BAnz_AT_19.01.2021_V2.pdf}
}

@online{Mus1,
    author = {Mustafa, Nimrah},
    title = {Locality Sensitive Hashing - Lecture Notes for Big Data Analytics},
    year = {2015},
    note={Accessed: July 31, 2025},
    url = {https://web.lums.edu.pk/~imdad/pdfs/CS5312_Notes/CS5312_Notes-14-LSH.pdf}
}

@online{Hos1,
    author={Hosangadi, Sandeep},
    title = {{Distance Measures for Sequences}},
    note = {Accessed: July 31, 2025},
    url={https://arxiv.org/pdf/1208.5713},
    year={2012}
}

@online{Rki3,
    author={Robert Koch Institut},
    title = {{Infektionsepidemiologisches Jahrbuch meldepflichtiger Krankheiten für 2022}},
    note = {Accessed: August 02, 2025},
    url={https://edoc.rki.de/handle/176904/11825.2},
    year={2024}
}

@online{Paj1,
    author={Pajntar, Boštjan},
    title = {{Overview of algorithms for graph drawing}},
    note = {Accessed: August 05, 2025},
    url={https://edoc.rki.de/handle/176904/11825.2},
    year={2006}
}

@book{Neu1,
    author={Neumann, Frank and Witt, Carsten},
    title = {{Minimum Spanning Trees}},
    journal={Bioinspired Computation in Combinatorial Optimization},
    year={2010},
    publisher={Springer}
}

@book{Pie1,
    author={Pierce, Bejamin A.},
    title = {{Genetics: A conceptual approach}},
    year = {2005},
    publisher = {W. H. Freeman and Company}
}

@article{Fet1,
    author={Fetzera, Thiemo and Graeberb, Thomas},
    title = {{Measuring the scientific effectiveness of contact tracing: Evidence from a natural experiment}},
    year = {2021},
    journal = {Proceedings of the National Academy of Sciences of the United States of America},
    doi={10.1073/pnas.2100814118},
    volume  = {118},
    number  = {33},
    note = {Art. no. e2100814118}
}

@article{Rub1,
    author={Rubin, Gideon J. and Smith, Louise E. and Melendez-Torres, Gerardo J. and Yardley, Lucy},
    title = {{Improving adherence to ‘test, trace and isolate’}},
    year = {2020},
    journal = {Journal of the Royal Society of Medicine},
    doi={10.1177/0141076820956824},
    volume  = {113},
    number  = {9},
    pages = {335-338}
}

@article{Rob1,
    author = {Robinson, Esther R. and Walker, Timothy M. and Pallen, Mark J.},
    title = {Genomics and outbreak investigation: from sequence to consequence},
    journal = {Genome medicine},
    year = {2013},
    doi={10.1186/gm440},
    volume  = {5},
    number  = {4},
    note={Art. no. 36}
}

@article{Smi1,
    author = {Smith, Katherine F. and Goldberg, Michael and Rosenthal, Samantha and Carlson, Lynn and Chen, Jane and Chen, Cici and Ramachandran, Sohini},
    title = {Global rise in human infectious disease outbreaks},
    journal = {Journal of the Royal Society, Interface},
    year = {2013},
    doi = {10.1098/rsif.2014.0950},
    volume  = {11},
    number  = {101},
    note = {Art. no. 20140950}
}

@article{Nex9,
    author = {Hadfield, James and Megill, Colin and Bell, Sidney M. and Huddleston, John and Potter, Barney and Callender, Charlton and Sagulenko, Pavel and Bedford, Trevor and Neher, Richard A.},
    title = {{Nextstrain: real-time tracking of pathogen evolution}},
    journal = {Bioinformatics},
    doi = {10.1093/bioinformatics/bty407},
    year = {2018},
    volume  = {34},
    number  = {23},
    pages = {4121–4123}
}

@article{Mic1,
    author = {Argimón, Silvia and Abudahab, Khalil and Goater, Richard J. E. and Fedosejev, Artemij and Bhai, Jyothish and Glasner, Corinna and Feil, Edward J. and Holden, Matthew T. G. and Yeats, Corin A. and Grundmann, Hajo and Spratt, Brian G. and Aanensen, David M.},
    title = {Microreact: visualizing and sharing data for genomic epidemiology and phylogeography},
    journal = {Microbial genomics},
    year = {2016},
    doi = {10.1099/mgen.0.000093},
    volume  = {2},
    number  = {11},
    note = {Art. no. e000093}
}

@article{San1,
    author = {Sanjuán, Rafael and Nebot, Miguel R. and Chirico, Nicola and Mansky, Louis M. and Belshaw, Robert},
    title = {Viral Mutation Rates},
    journal = {Journal of virology},
    doi = {10.1128/JVI.00694-10},
    volume  = {84},
    number  = {19},
    pages = {9733-9748},
    year = {2020}
}

@article{Bro1,
    author = {Brown, Christopher T. and Olm, Matthew R. and Thomas, Brian C. and Banfield, Jillian F.},
    title = {Measurement of bacterial replication rates in microbial communities},
    journal = {Nature biotechnology},
    volume  = {34},
    number  = {12},
    pages   = {1256-1263},
    doi = {10.1038/nbt.3704},
    year = {2016}
}

@article{Sch1,
    author = {Schürch, Anita C. and Arredondo-Alonsoa, Sergio and Willems, Rob J. L. and Goering, Richard V.},
    title = {Whole genome sequencing options for bacterial strain typing and epidemiologic analysis based on single nucleotide polymorphism versus gene-by-geneebased approaches},
    journal = {Clinical microbiology and infection : the official publication of the European Society of Clinical Microbiology and Infectious Diseases},
    year = {2016},
    volume  = {24},
    number  = {4},
    pages   = {350-354},
    doi = {10.1016/j.cmi.2017.12.016}
}

@article{Sun1,
    author = {Sundqvist, Martina and Chiquet, Julien and Rigaill, Guillem},
    title = {Adjusting the adjusted Rand Index- A multinomial story},
    journal = {Comput. Stat.},
    year = {2022},
    volume  = {38},
    number  = {1},
    pages   = {327–347},
    doi = {10.1007/s00180-022-01230-7}
}

@article{Fra1,
    author={Franke, Airin and Tröger, Markus and Jack, Alexander and Fischer, Laura and Kräling, Ben and Ptok, Johannes and Weber, Jonas and Vogel, Philipp and Fuchs, Sebastian and Dilthey, Alexander and Hornberg, Claudia},
    title = {{GENTRAIN – Projekt zur Entwicklung und Einführung von Software für die genomisch gestützte Infektionskettenanalyse. Ein interaktiver Workshop zur Untersuchung eines SARS-CoV-2-Ausbruchs an einer Schule aus der Perspektive des Gesundheitsamtes}},
    year = {2025},
    journal = {Gesundheitswesen 87 (Suppl. 1)},
    pages   = {126},
    doi = {10.1055/s-0045-1802153}
}

@article{Gru1,
    author={Grubaugh, Nathan D. and Ladner, Jason T. and Lemey, Philippe and Pybus, Oliver G. and Rambaut, Andrew and Holmes, Edward C. and Andersen, Kristian G.},
    title = {{Tracking virus outbreaks in the twenty-first century}},
    journal = {Nature microbiology},
    year = {2019},
    volume = {4},
    numer = {1},
    pages = {10-19},
    doi = {10.1038/s41564-018-0296-2}
}

@article{Blu1,
    author={Bludau, Anna and Jack, Alexander and Fischer, Nicole and Dreesman, Johannes and Drosten, Christian and Egelkamp, Richard and Ehlkes, Lutz and Feil, Fabian and Grundhoff, Adam and Grundmann, Hajo and Kreuzer, Pascal and Monazahian, Masyar and Overesch, Inga and Schmitt, Daniel and Tröger, Markus and von Reiswitz, Alexandra and Weber, Jonas and Dilthey, Alexander and Hornberg, Claudia and Reuter, Sandra and Scheithauer, Simone},
    title = {{Use of integrated genomic surveillance by local public health authorities: Recommendations based on a mixedmethods study of current adoption, applications and success factors, Germany, 2023}},
    journal = {Euro surveillance : bulletin Europeen sur les maladies transmissibles = European communicable disease bulletin},
    year = {2023},    
    volume = {30},
    number = {13},
    note = {Art. no. 2400508},
    doi = {10.2807/1560-7917.ES.2025.30.13.2400508}
}

@article{Han1,
    author={Hanke, Kirsten and Rykalina, Vera and Koppe, Uwe and Gunsenheimer-Bartmeyer, Barbara and Heuer, Dagmar and Meixenberger, Karolin},
    title = {{Developing a next level integrated genomic surveillance: Advances in the molecular epidemiology of HIV in Germany}},
    journal = {International journal of medical microbiology},
    year = {2024},
    volume = {314},
    note = {Art. no. 151606},
    doi = {10.1016/j.ijmm.2024.151606} 
}

@article{Lei1,
    author={Leimeister, Chris-Andre and Morgenstern. Burkhard},
    title = {{Kmacs: the k-mismatch average common substring approach to alignment-free sequence comparison}},
    journal = {Bioinformatics},
    year = {2014},
    volume = {30},
    number = {14},
    pages= {2000-2008},
    doi = {10.1093/bioinformatics/btu331}
}

@article{Hu1,
    author={Hu, Taishan and Chitnis, Nilesh and Monos, Dimitri and Dinh, Anh},
    title = {{Next-generation sequencing technologies: An overview}},
    journal = {Human Immunology},
    volume = {82},
    number = {11},
    pages = {801-811},
    year = {2021},
    doi = {10.1016/j.humimm.2021.02.012}
}

@article{Sat1,
    author = {Satam, Heena and Joshi, Kandarp and Mangrolia, Upasana and Waghoo, Sanober and Zaidi, Gulnaz and Rawool, Shravani and Thakare, Ritesh P. and Banday, Shahid and Mishra, Alok K. and Das, Gautam and Malonia, Sunil K.},
    title = {{Next-Generation Sequencing Technology: Current Trends and Advancements}},
    journal = {Biology}, 
    year = {2023},
    volume = {12},
    number = {7},
    note = {Art. no. 997},
    doi = {10.3390/biology12070997}
}

@article{San2,
    author = {Sanger, F. and Nicklen, S. and Coulson, A. R.},
    title = {{DNA sequencing with chain-terminating inhibitors}},
    journal = {Proceedings of the National Academy of Sciences of the United States of America},
    volume = {74},
    number = {12},
    year = {1977},
    pages = {5463-5467},
    doi = {10.1073/pnas.74.12.5463}
}

@article{Lev1,
    author = {Levy, Shawn E. and Boone, Braden E.},
    title = {{Next-Generation Sequencing Strategies}},
    journal = {Cold Spring Harbor perspectives in medicine},
    year = {2019},
    volume = {9},
    number = {7},
    note = {Art. no. a025791},
    doi = {10.1101/cshperspect.a025791}
}

@article{Can1,
    author = {Cann, Alan J.},
    title = {{Chapter 3 - Genomes}},
    journal = {Principles of Molecular Virology (Sixth Edition)},
    year = {2016},
    doi = {10.1016/C2014-0-01081-7}
}

@article{Dur1,
    author = {Durmuş, Saliha and Ülgen, Kutlu Ö.},
    title = {{Comparative interactomics for virus–human proteinprotein interactions: DNA viruses versus RNA viruses}},
    journal = {FEBS open bio},
    volume = {7},
    number = {1},
    pages = {96-107},
    doi = {10.1002/2211-5463.12167},
    year = {2017}
}

@article{Bow1,
    author = {Cornish-Bowden, Athel},
    title = {{Nomenclature for incompletely specified bases in nucleic acid sequences: recommendations 1984}},
    journal = {Nucleic acids research},
    year = {1985},
    doi = {10.1093/nar/13.9.3021},
    pages = {3021-3030},
    volume = {13},
    number = {9}
}

@article{Kub1,
    author = {Kubacki, Jakub and Fraefel, Cornel and Bachofen, Claudia},
    title = {{Implementation of next-generation sequencing for virus identification in veterinary diagnostic laboratories}},
    journal = {Journal of veterinary diagnostic investigation : official publication of the American Association of Veterinary Laboratory Diagnosticians, Inc},
    volume = {33},
    number = {2},
    pages = {235-247},
    doi = {10.1177/1040638720982630},
    year = {2021}
}

@article{Zha1,
    author = {Zhao, Wenxuan and Zeng, Wei and Pang, Bo and Luo, Ming and Peng, Yao and Xu, Jialiang and Kan, Biao and Li, Zhenpeng and Lu, Xin},
    title = {{Oxford nanopore long-read sequencing enables the generation of complete bacterial and plasmid genomes without short-read sequencing}},
    journal = {Frontiers in microbiology},
    year = {2023},
    volume = {14},
    note = {Art. no. 1179966},
    doi = {10.3389/fmicb.2023.1179966}
}

@article{Bak1,
    author={Bakhache, William and Symonds-Orr, Walker and McCormick, Lauren and Dolan, Patrick T. },
    title = {{Deep mutation, insertion and deletion scanning across the Enterovirus A proteome reveals constraints shaping viral evolution}},
    journal={Nature microbiology},
    year={2025},
    volume = {10},
    pages = {158-168},
    doi = {0.1038/s41564-024-01871-y}
}

@article{Ele1,
    author = {Elena, Santiago F.},
    title = {{The role of indels in evolution and pathogenicity of RNA viruses}},
    journal = {Proc. Natl. Acad. Sci. U.S.A.},
    year = {2023},
    volume = {120},
    number = {33},
    note = {Art. no. e2310785120},
    doi = {10.1073/pnas.2310785120}
}

@article{Ran1,
    author = {Rangel, Mauricio Aguilar and Dolan, Patrick T. and Taguwa, Shuhei and Xiao, Yinghong and Andino, Raul and Frydman, Judith},
    title = {{High-resolution mapping reveals the mechanism and contribution of genome insertions and deletions to RNA virus evolution}},
    journal = {Proceedings of the National Academy of Sciences of the United States of America},
    year = {2023},
    volume = {120},
    number = {31},
    note = {Art. no. e2304667120},
    doi = {10.1073/pnas.2304667120}
}

@article{Ami1,
    author = {Amicone, Massimo and Borges, Vítor and Alves, Maria João and Isidro, Joana and Zé-Zé, Líbia and Duarte, Sílvia and Vieira, Luís and Guiomar, Raquel and Gomes, João Paulo and Gordo, Isabel},
    title = {{Mutation rate of SARS-CoV-2 and emergence of mutators during experimental evolution}},
    journal = {Evolution, medicine, and public health},
    year = {2022},
    volume = {10},
    number = {1},
    pages = {142-155},
    doi = {10.1093/emph/eoac010}
}

@article{Wal1,
author = {Walker, Andreas and Houwaart, Torsten and Finzer, Patrick and Ehlkes, Lutz and Tyshaieva, Alona and Damagnez, Maximilian and Strelow, Daniel and Duplessis, Ashley and Nicolai, Jessica and Wienemann, Tobias and Tamayo, Teresa and Vasconcelos, Malte Kohns and Hülse, Lisanna and Hoffmann, Katrin and Lübke, Nadine and Hauka, Sandra and Andree, Marcel and Däumer, Martin P. and Thielen, Alexander and Kolbe-Busch, Susanne and Göbels, Klaus and Zotz, Rainer and Pfeffer, Klaus and Timm, Jörg and Dilthey, Alexander T.},
title = {{Characterization of Severe Acute Respiratory Syndrome Coronavirus 2 (SARS-CoV-2) Infection Clusters Based on Integrated Genomic Surveillance, Outbreak Analysis and Contact Tracing in an Urban Setting}},
journal = {Clinical infectious diseases : an official publication of the Infectious Diseases Society of America},
year = {2022},
volume = {74},
number = {6},
pages = {1039-1046},
doi = {10.1093/cid/ciab588}
}

@article{Wal2,
    author = {Houwaart, Torsten and Belhaj, Samir and Tawalbeh, Emran and Nagels, Dirk and Fröhlich, Yara and Finzer, Patrick and Ciruela, Pilar and Sabrià, Aurora and Herrero, Mercè and Andrés, Cristina and Antón, Andrés and Benmoumene, Assia and Asskali, Dounia and Haidar, Hussein and von Dahlen, Janina and Nicolai, Jessica and Stiller, Mygg and Blum, Jacqueline and Lange, Christian and Adelmann, Carla and Schroer, Britta and Osmers, Ute and Grice, Christiane and Kirfel, Phillipp P. and Jomaa, Hassan and Strelow, Daniel and Hülse, Lisanna and Pigulla, Moritz and Kreuzer, Pascal and Tyshaieva, Alona and Weber, Jonas and Wienemann, Tobias and Vasconcelos, Malte Kohns and Hoffmann, Katrin and Lübke, Nadine and Hauka, Sandra and Andree, Marcel and Scholz, Claus Jürgen and Jazmati, Nathalie and Göbels, Klaus and Zotz, Rainer and Pfeffer, Klaus and Timm, Jörg and Ehlkes, Lutz and Walker, Andreas and Dilthey, Alexander T.},
    title = {{Integrated Genomic Surveillance reveals extensive onward transmission of travel-imported SARS-CoV-2 infections in the community}},
    journal = {Euro surveillance : bulletin Europeen sur les maladies transmissibles = European communicable disease bulletin},
    year = {2022},
    volume = {27},
    number = {43},
    note = {Art. no. 2101089},
    doi = {10.2807/1560-7917.ES.2022.27.43.2101089}
}

@article{Wal3,
    author = {Houwaart, Torsten and Belhaj, Samir and Tawalbeh, Emran and Nagels, Dirk and Fröhlich, Yara and Finzer, Patrick and Ciruela, Pilar and Sabrià, Aurora and Herrero, Mercè and Andrés, Cristina and Antón, Andrés and Benmoumene, Assia and Asskali, Dounia and Haidar, Hussein  and von Dahlen, Janina and Nicolai, Jessica and Stiller, Mygg  and Blum, Jacqueline and Lange, Christian and Adelmann, Carla and Schroer, Britta and Osmers, Ute and Grice, Christiane and Kirfel, Phillipp P. and Jomaa, Hassan and Strelow, Daniel and Hülse, Lisanna and Pigulla, Moritz and Kreuzer, Pascal and Tyshaieva, Alona and Weber, Jonas and Wienemann, Tobias and Vasconcelos, Malte Kohns and Hoffmann, Katrin and Lübke, Nadine and Hauka, Sandra and Andree, Marcel and Scholz, Claus Jürgen and Jazmati, Nathalie and Göbels, Klaus and Zotz, Rainer and Pfeffer, Klaus and Timm, Jörg and Ehlkes, Lutz and Walker, Andreas and Dilthey, Alexander T.},
    title = {{Integrated genomic surveillance enables tracing of person-to-person SARS-CoV-2 transmission chains during community transmission and reveals extensive onward transmission of travel-imported infections, Germany, June to July 2021}},
    journal = {Euro surveillance : bulletin Europeen sur les maladies transmissibles = European communicable disease bulletin},
    volume = {27},
    number = {43},
    year = {2022},
    note = {Art. no. 2101089},
    doi = {10.2807/1560-7917.ES.2022.27.43.2101089}
}


@article{Sal2,
    author = {Salipante, Stephen J. and Hall, Barry G.},
    title = {{Inadequacies of Minimum Spanning Trees in Molecular Epidemiology}},
    journal = {Journal of clinical microbiology},
    year = {2011},
    volume = {49},
    number = {10},
    pages = {3568-3575},
    doi = {10.1128/JCM.00919-11}
}

@article{Ke1,
author = {Ke, Ziqi and Vikalo, Haris},
title = {{Graph-Based Reconstruction and Analysis of Disease Transmission Networks using Viral Genomic Data}},
journal = {Journal of computational biology : a journal of computational molecular cell biology},
year = {2023},
volume = {30},
number = {7},
pages = {796-813},
doi = {10.1089/cmb.2022.0373}
}

@article{Ven1,
    author = {Rad, Dana and Venkatraman, Yegnanarayanan and Narayanaa Y., Krithicaa and Balas, Valentina E.},
    title = {{Graph Theory Applications to Comprehend Epidemics Spread of a Disease}},
    journal = {BRAIN. Broad Research in Artificial Intelligence and Neuroscience},
    year = {2021},
    doi = {10.18662/brain/12.2/198}
}

@article{Hu2,
    author = {Hu, Yifan},
    title = {{Efficient and High Quality Force-Directed Graph Drawing}},
    journal = {The mathematica journal},
    year = {2005},
    volume = {10},
    pages = {37-71}
}

@article{Liu1,
    author = {Liu, Molly and Chato, Connor and Poon, Art F. Y.},
    title = {{From components to communities: bringing network science to clustering for molecular epidemiology}},
    journal = {Virus evolution},
    year = {2023},
    volume = {9},
    number = {1},
    note = {Art. no. vead026},
    doi = {10.1093/ve/vead026}
}

@article{Vas1,
    author = {Vasylyevaa, Tetyana I. and Friedman, Samuel R. and Paraskevisc, Dimitrios and Magiorkinis, Gkikas},
    title = {{Integrating molecular epidemiology and social network analysis to study infectious diseases: Towards a socio-molecular era for public health}},
    journal = {{Infection, genetics and evolution : journal of molecular epidemiology and evolutionary genetics in infectious diseases}},
    year = {2016},
    volume = {46},
    pages = {248-255},
    doi = {10.1016/j.meegid.2016.05.042}
}

@article{Blo1,
    author = {Blondel, Vincent D. and Guillaume, Jean-Loup and Lambiotte, Renaud and Lefebvre, Etienne},
    title = {{Fast unfolding of communities in large networks}},
    journal = {Journal of statistical mechanics: theory and experiment},
    year = {2008},
    doi = {10.1088/1742-5468/2008/10/P10008}
}

@article{Fru1,
    author = {Fruchterman, Thomas M. J. and Reingold, Edward M.},
    title = {{Graph Drawing by Force–Directed Placement}},
    journal = {Software-Practice and Experience},
    year = {1990},
    volume = {21},
    number = {11},
    pages = {1129-1164},
    doi = {10.1002/spe.4380211102}
}

@article{Mar1,
    author = {Martin. Shawn and Brown, W. Michael and Klavans, Richard and Boyack, Kevin W.},
    title = {{OpenOrd: An Open-Source Toolbox for Large Graph Layout}},
    journal = {Proceedings of SPIE - The International Society for Optical Engineering},
    year = {2022},
    volume = {7868},
    note = {Art. no. 786806},
    doi = {10.1117/12.871402}
}

@article{Jac1,
    author = {Jacomy, Mathieu and Venturini, Tommaso and Heymann, Sebastien and Bastian, Mathieu},
    title = {{ForceAtlas2, a Continuous Graph Layout Algorithm for Handy Network Visualization Designed for the Gephi Software}},
    journal = {{PloS one}},
    year = {2014},
    volume = {9},
    number = {6},
    note = {Art. no. e98679},
    doi = {10.1371/journal.pone.0098679}
}

@article{Zha3,
    author = {Zhansultan, Abenov and Sanzhar, Aubakirov and Trigo, Paulo},
    title = {{Parallel Implementation of Force Algorithms for Graph Visualization}},
    journal = {{Journal of Theoretical and Applied Information Technology}},
    year = {2021},
    volume = {99},
    pages = {503-515}
}

@article{Sal1,
    author = {Salitha, M. K.},
    title = {{A Review on Minimum Spanning Tree Algorithms}},
    journal = {{International Journal for Scientific Research \& Development}},
    year = {2020},
    volume = {7},
    number = {11},
    pages = {351-353}
}

@article{Ker1,
    author = {Kershenbaum, A. and Van Slyke, R.},
    title = {{Computing minimum spanning trees efficiently}},
    journal = {{Proceedings of the ACM annual conference}},
    year = {1972},
    volume = {1},
    pages = {518–527},
    doi = {10.1145/800193.569966}
}

@article{Oel1,
    author = {Oelschlaeger, Peter},
    title = {{Molecular Mechanisms and the Significance of Synonymous Mutations}},
    journal = {{Biomolecules}},
    year = {2024},
    volume = {14},
    number = {1},
    note = {Art. no. 132},
    doi = {10.3390/biom14010132}
}

@article{Li1,
    author = {Li, Wen and Zhang, Ying and Wang, Wei and Li, Mingjie and Zhang, Wnejie and Li, Xuemin },
    title = {{Approximate Nearest Neighbor Search on High Dimensional Data —Experiments, Analyses, and Improvement}},
    journal = {{IEEE Transactions on Knowledge and Data Engineering}},
    year = {2020},
    volume = {32},
    number = {8},
    pages = {1475-1488},
    doi = {10.1109/TKDE.2019.2909204}
}

@article{Wan1,
    author = {Wang, Mengzhao and Xu, Xiaoliang and Yue, Qiang and Wang, Yuxiang},
    title = {{A Comprehensive Survey and Experimental Comparison of Graph-Based Approximate Nearest Neighbor Search}},
    journal = {Proc. VLDB Endow.},
    year = {2021},
    volume = {14},
    number = {11},
    pages = {1964–1978},
    doi = {10.14778/3476249.3476255}
}

@article{Pen1,
    author = {Peng, Hao},
    title = {{Quantization to speedup approximate nearest neighbor search}},
    journal = {Neural Computing and Applications},
    year = {2024},
    volume = {36},
    pages = {2303–2313},
    doi = {10.1007/s00521-023-08920-3}
}

@article{Wan2,
 author={Wang, Jingjing and Lin, Chen},
 title = {{MapReduce Based Personalized Locality Sensitive Hashing for Similarity Joins on Large Scale Data}},
 journal={Computational intelligence and neuroscience},
 year={2015},
volume = {2015},
note = {Art. no. 217216},
doi = {10.1155/2015/217216}
}

@article{Mar2,
    author = {Marçais, Guillaume and DeBlasio, Dan and Pandey, Prashant and Kingsford, Carl},
    title = {{Locality-sensitive hashing for the edit distance}},
    journal = {Bioinformatics},
    year = {2019},
    volume = {35},
    number = {14},
    pages = {i127–i135},
    doi = {10.1093/bioinformatics/btz354}
}

@article{Mal1,
    author = {Malkov, Yu A. and Yashunin, D. A.},
    title = {{Efficient and Robust Approximate Nearest Neighbor Search Using Hierarchical Navigable Small World Graphs}},
    journal = {IEEE Transactions on Pattern Analysis and Machine Intelligence},
    year = {2020},
    volume = {42},
    number = {4},
    pages = {824–836},
    doi = {10.1109/TPAMI.2018.2889473}
}

@article{Zha2,
    author = {Zhao, Jianshu and Both, Jean Pierre and Rodriguez-R., Luis M. and Konstantinidis, Konstantinos T.},
    title = {{GSearch: ultra-fast and scalable genome search by combining K-mer hashing with hierarchical navigable small world graphs}},
    journal = {Nucleic acids research},
    year = {2024},
    volume = {52},
    number = {16},
    note = {Art. no. e74},
    doi = {10.1093/nar/gkae609}
}

@article{Zie2,
    author = {Zielezinski, Andrzej and Vinga, Susana and Almeida, Jonas and M. Karlowski, Wojciech},
    title = {{Alignment-free sequence comparison: benefits, applications, and tools}},
    journal = {Genome biology},
    year  ={2017},
    volume = {18},
    number = {1},
    note = {Art. no. 186},
    doi = {10.1186/s13059-017-1319-7}
}

@article{Alt1,
    author = {Altschul, Stephen F. and Gish, Warren and Miller, Webb and Myers, Eugene W. and Lipman, David J.},
    title = {{Basic Local Alignment Search Tool}},
    journal = {Journal of Molecular Biology},
    year = {1990},
    volume = {215},
    number = {3},
    pages = {403-410},
    doi = {10.1016/S0022-2836(05)80360-2}
}

@article{Gra1,
    author = {Grabowski, Szymon and Grabowski, Szymon},
    title = {{Algorithms for all-pairs Hamming distance based similarity}},
    journal = {Software: Practice and Experience},
    year = {2021},
    volume = {51},
    number = {7},
    pages = {1580-1590},
    doi = {10.1002/spe.2978}
}

@article{Zie1,
    author = {Zielezinski, Andrzej and Girgis, Hani Z. and Bernard, Guillaume and Leimeister, Chris-Andre and Tang, Kujin and Dencker, Thomas and Lau, Anna Katharina and Röhling, Sophie and Choi, Jae Jin and Waterman, Michael S. and Comin, Matteo and Almeida, Jonas S. and Cheong, Xin Chan and James, Benjamin T. and Sun, Fengzhu and Morgenstern, Burkhard and Karlowski, Wojciech M.},
    title = {{Benchmarking of alignment-free sequence comparison methods}},
    journal = {Genome Biology},
    year = {2019},
    volume = {20},
    number = {144},
    doi = {10.1186/s13059-019-1755-7}
}

@article{Li2,
    author = {Li, Heng and Homer, Nils},
    title = {{A survey of sequence alignment algorithms for next-generation sequencing}},
    journal = {Briefings in bioinformatics},
    year = {2010},
    volume = {11},
    number = {5},
    pages = {473-483},
    doi = {10.1093/bib/bbq015}
}
